1852 3554
305 199 472 253 FABULA
498 201 612 256 XVIII.
772 39 864 257 ἲ

61 341 111 396 Ille
123 359 207 398 onere
219 342 306 410 dives,
318 342 394 397 celsa
408 343 514 398 cervice
528 343 660 412 eminens,

61 425 227 497 Clarumque
241 426 314 480 collo
323 426 434 495 jactans
447 427 680 483 tintinnabulum:
841 441 856 498 5

62 508 163 565 Comes
176 511 270 579 quieto
283 511 407 579 sequitur
419 520 447 565 et
460 510 571 580 placido
584 512 679 579 gradu.

61 592 159 648 Subitb
172 595 294 647 latrones
307 610 340 647 ex
353 594 460 648 insidiis
476 595 618 662 advolant,

62 676 192 745 Interque
206 677 313 730 caedem
325 677 396 731 ferro
410 679 515 733 mulum
528 678 667 732 trusitant.

62 758 204 828 Diripiunt
216 776 355 830 nummos,
368 762 511 830 negligunt
524 762 578 814 vile
590 761 733 815 hordeum.

31 885 35 891 .
61 841 203 910 Spoliatus
217 843 299 911 igitur
311 850 393 897 cassis
406 860 491 913 quum
504 844 581 898 fleret
595 861 668 911 suos,
828 857 860 895 Io

60 927 77 955 “
87 926 250 1003 Equidem,''
263 925 352 996 inquit
364 926 442 995 alter,
452 930 469 958 “
479 944 524 980 me
534 937 724 996 contemptum
734 927 856 996 gaudem

62 1009 139 1061 Nam
151 1009 221 1062 nihil
233 1010 323 1076 amisi,
336 1027 388 1065 nec
402 1027 463 1064 sum
477 1011 560 1064 laesus
569 1011 706 1064 vulnere.''

98 1093 162 1146 Hoc
176 1103 339 1160 argumento
352 1103 413 1147 tuta
424 1103 467 1147 est
479 1094 625 1146 hominum
638 1093 767 1162 tenuitas,

63 1175 178 1242 Magnae
190 1175 293 1244 periclo
307 1184 371 1228 sunt
384 1191 451 1242 opes
464 1175 598 1228 obnoxiae.

319 1316 478 1368 FABULA
497 1316 607 1370 XVIII.

311 1421 430 1464 curvus
449 1422 488 1463 ar
511 1422 613 1464 novus.

66 1517 179 1584 Cervus,
190 1517 346 1571 'nemorosis
360 1517 494 1573 excitatus
506 1518 638 1587 latibulis,

66 1604 106 1657 Ut
118 1610 282 1655 venatorum
294 1601 401 1670 sugeret
414 1602 564 1666 instantem
578 1619 685 1673 necem,

65 1687 149 1740 Caeco
162 1684 260 1739 timore
274 1686 429 1754 proximam
441 1686 537 1739 villam
549 1687 626 1756 petit,

66 1772 103 1825 Et
116 1779 272 1840 opportuno
286 1786 315 1823 se
328 1768 415 1823 bubili
428 1768 560 1822 condidit.

34 1865 36 1871 ’
67 1853 123 1907 Hic
135 1854 187 1907 bos
199 1852 296 1907 latenti
308 1872 315 1917 ;
336 1854 352 1882 “
364 1851 507 1920 Quidnam
519 1851 630 1905 voluisti
643 1851 701 1922 tibi,
845 1865 860 1922 ς

68 1937 174 2005 Infelix,
187 1937 258 1989 ultro
271 1935 319 2004 qui
332 1934 369 1987 ad
382 1951 480 1988 necem
493 1934 653 2001 cucurreris,

68 2019 279 2087 Hominumque
291 2025 365 2071 tecto
379 2015 504 2085 spiritum
519 2015 690 2070 commiseris
700 2017 727 2071 ?”

66 2103 105 2156 At
117 2102 163 2155 ille
176 2101 299 2170 supplex,
310 2101 395 2153 “Vos
408 2098 516 2167 modb,”
529 2097 625 2169 inquit,
639 2101 655 2129 “
664 2099 786 2168 parcite;

69 2184 225 2240 Occasione
237 2201 332 2238 rursus
345 2199 491 2253 erumpam
504 2181 593 2237 data?

68 2269 197 2339 Spatium
209 2267 264 2322 diei
277 2267 368 2322 noctis
381 2267 522 2337 excipiunt
534 2266 616 2320 vices.
833 2281 865 2318 10

69 2352 210 2406 Frondem
222 2350 360 2404 bubulcus
373 2351 462 2418 affert,
475 2366 527 2404 nec
540 2349 604 2404 ideo
616 2346 699 2402 videt.

70 2437 148 2490 Eunt
160 2434 278 2488 subinde
292 2444 320 2488 et
332 2435 448 2487 redeunt
461 2449 559 2486 omnes
572 2429 682 2485 rustici:

72 2520 164 2572 Nemo
176 2515 389 2570 animadvertit:
407 2516 507 2569 transit
517 2515 605 2569 etiarn
617 2511 734 2578 villicus,

70 2603 132 2655 Nec
146 2599 190 2652 ille
204 2598 357 2668 quidquam
370 2597 461 2651 sentit.
499 2598 573 2650 Tum
585 2594 710 2663 gaudens
723 2592 796 2646 ferus

71 2685 166 2736 Bobus
179 2681 279 2750 quietis
293 2695 375 2746 agere
388 2680 473 2748 coepit
485 2680 599 2748 gratias,
837 2684 867 2741 ις

73 2763 236 2834 Hospitium
248 2763 366 2816 adverso
379 2761 454 2831 qubd
466 2759 647 2832 praestiterint
658 2768 795 2830 tempore.

466 2873 487 2916 B
