1852 3554
313 173 496 228 FAauaAE
518 173 582 228 Xv.
602 173 682 227 rvr.
874 191 894 248 9

94 317 172 370 Prior
184 315 326 383 invitasse,
335 325 363 368 et
376 314 415 368 illi
427 315 457 368 in
470 314 567 384 patina
578 314 715 384 liquidam

94 399 224 453 Posuisse
237 398 427 464 sorbitionem,
440 414 526 467 quam
538 398 615 451 nullo
626 398 712 452 modo
876 411 891 470 5

93 482 213 536 Gustare
225 478 349 535 esuriens
362 481 482 550 potuerit
491 481 608 537 ciconia.

94 564 165 632 Quae
177 564 290 633 vulpem
303 580 389 632 quum
401 564 568 630 revocasset,
582 564 676 619 intrito
688 565 752 618 cibo

94 647 210 700 Plenam
222 647 353 715 lagenam
365 646 474 715 posuit:
492 647 557 700 huic
569 656 689 701 rostrum
702 647 826 700 inserens

94 729 218 784 Satiatur
232 729 302 798 ipsa,
314 738 424 799 torquet
437 729 585 783 convivam
597 730 679 783 same.

94 811 165 879 Quae
177 828 263 880 quum
275 811 384 880 lagenae
395 810 497 866 frustra
510 812 612 865 collum
623 812 767 880 lamberet,
860 827 890 866 10

94 895 272 963 Peregrinam
285 895 324 949 sic
337 894 481 964 loquutam
493 895 634 949 volucrem
646 896 805 964 accepimus
812 915 819 960 ;

93 977 176 1030 “Sua
188 977 305 1046 quisque
317 978 444 1046 exempla
456 978 540 1032 debet
552 994 633 1047 aequo
646 978 741 1032 animo
754 978 836 1047 pati.''

371 1145 393 1196 F
395 1143 531 1196 ABULA
549 1143 610 1196 XV.

330 1247 446 1288 vuinus
466 1249 504 1288 nr
522 1247 648 1300 nomm.

94 1342 229 1413 Quamvis
242 1342 375 1394 sublimes
389 1342 492 1396 debent
503 1341 623 1396 humiles
636 1354 767 1414 metuere,

93 1425 227 1481 Vindicta
239 1424 323 1478 docili
336 1424 402 1494 quia
415 1433 492 1493 patet
501 1422 639 1478 sollertiae.

128 1506 263 1576 Vulpinos
276 1507 382 1560 catulos
396 1506 489 1576 aquila
501 1507 645 1577 quondam
658 1510 776 1579 sustulit,

57 1629 61 1634 .
94 1588 224 1658 Nidoque
236 1589 329 1658 posuit
341 1589 432 1658 pullis,
442 1605 536 1643 escam
549 1599 579 1644 ut
592 1601 743 1660 carperent.

94 1673 177 1725 Hanc
190 1682 357 1743 persequuta
369 1682 459 1727 mater
471 1689 550 1726 orare
562 1673 667 1743 incipit,
873 1687 889 1746 5

94 1756 139 1809 Ne
151 1766 260 1809 tantum
273 1756 383 1811 miserae
395 1757 500 1810 luctum
513 1756 674 1825 importaret
687 1759 746 1814 sibi.

94 1839 269 1908 Contempsit
283 1839 338 1906 illa,
351 1849 412 1894 tuta
424 1838 526 1908 quippe
539 1838 601 1907 ipso
613 1839 683 1894 loco.

91 1923 197 1991 Vulpes
210 1922 246 1975 ab
259 1928 309 1975 ara
321 1922 411 1990 rapuit
425 1921 569 1974 ardentem
581 1920 680 1989 facem,

92 2006 251 2074 Totamque
263 2005 385 2058 flammis
398 2004 527 2057 arborem
536 2003 727 2073 circumdedit,

94 2088 178 2142 Hosti
191 2088 315 2142 dolorem
328 2088 433 2141 damno
444 2086 566 2141 miscens
580 2087 732 2156 sanguinis.

92 2171 202 2240 Aquila,
215 2180 246 2225 ut
258 2171 362 2241 periclo
374 2171 472 2225 mortis
485 2170 604 2240 eriperet
616 2187 692 2240 suos,

94 2252 252 2308 Incolumes
264 2264 347 2309 natos
360 2254 477 2324 supplex
489 2255 565 2324 vulpi
578 2255 703 2309 tradidit.

364 2424 523 2480 FABULA
540 2424 619 2478 XVI.

285 2529 410 2586 noune,
431 2531 524 2586 nnus,
545 2531 584 2571 nr
603 2530 695 2574 nanu.

92 2627 195 2699 Aquila
203 2625 232 2679 in
246 2627 356 2680 sublimi
369 2643 471 2696 quercu
484 2626 580 2679 nidum
594 2625 715 2680 fecerat:
786 2694 787 2697 Ἰ

94 2710 178 2778 Felis,
191 2725 340 2764 cavernam
352 2719 437 2764 nacta
446 2709 475 2762 in
487 2707 590 2776 media,
603 2718 780 2777 pepereratt'
