1852 3554
232 177 415 249 FABULAE
438 176 555 231 XXIII.
577 176 688 232 ratu
735 146 738 152 ’
826 191 857 251 15

60 319 222 375 Novissime
235 320 398 373 succumbit.
436 320 510 372 Tum
522 319 611 372 victor
623 320 743 388 sophus;

60 407 76 434 “
86 404 149 458 Cito
159 419 270 472 rumpes
279 419 383 470 arcum,
393 417 503 471 semper
512 402 535 456 si
544 411 656 456 tensum
664 403 806 470 habueris;
828 418 860 458 10

59 487 98 542 At
111 487 134 540 si
147 487 257 553 laxaris,
271 502 356 555 quum
369 486 454 553 voles,
468 485 519 539 erit
531 486 630 539 utilis.'’

97 571 145 624 Sic
158 570 239 623 ludus
253 570 347 623 animo
361 568 445 623 debet
457 569 608 638 aliquando
621 569 689 639 dari,

60 654 106 708 Ad
120 653 300 722 cogitandum
313 653 411 706 melior
423 661 454 706 ut
466 652 562 707 redeat
575 652 634 706 tibi.

315 786 474 840 FABULA
492 786 606 841 XXIII.

272 893 397 938 asopus
416 893 457 952 Er
473 892 647 937 canamus.

61 987 185 1056 AEsopus
198 986 312 1041 domino
326 987 401 1041 solus
414 1003 499 1056 quum
512 996 586 1040 esset
598 986 713 1056 familia,

63 1072 165 1124 Parare
179 1088 290 1125 coenam
300 1071 394 1140 jussus
408 1081 450 1125 est
461 1070 604 1125 maturius.
640 1123 641 1127 ,

65 1155 163 1222 Ignem
176 1170 242 1222 ergo
255 1170 383 1224 quaerens
396 1154 501 1222 aliquot
512 1153 640 1207 lustravit
652 1154 768 1220 domos;

63 1237 247 1306 Tandemque
260 1237 365 1291 invenit
378 1237 425 1290 ubi
437 1237 580 1290 lucernam
592 1237 764 1292 accenderet

63 1323 137 1374 Tum
151 1320 331 1374 circumeunti
344 1320 432 1374 fuerat
445 1319 521 1389 quod
533 1318 585 1373 iter
596 1319 715 1388 longius,
847 1332 862 1390 5

65 1403 169 1458 Effecit
180 1402 299 1457 brevius.
338 1405 470 1472 Namque
482 1401 559 1456 recta
570 1419 620 1472 per
631 1403 722 1456 sorum

65 1487 159 1556 Coepit
171 1486 277 1541 redire:
296 1496 323 1541 et
336 1487 450 1556 quidam
463 1503 478 1540 e
491 1487 573 1541 turba
584 1487 723 1555 garrulus3

66 1574 83 1603 “
91 1574 206 1641 AEsope‚
217 1571 310 1625 medio
323 1572 389 1639 sole,
402 1571 471 1641 quid
484 1587 548 1625 cum
560 1571 665 1625 lumine
673 1572 705 1625 ?''

67 1655 269 1722 “Hominem’'
288 1654 385 1724 inquit,
407 1658 527 1724 “quaero
538 1655 567 1720 ;'’
595 1665 623 1710 et
641 1654 710 1710 abiit
728 1655 862 1710 festinans

136 1738 260 1790 domum.

67 1821 132 1874 Hoc
145 1820 168 1873 si
178 1819 312 1873 molestus
325 1818 370 1872 ille
383 1818 420 1872 ad
432 1818 557 1872 animum
570 1820 669 1890 retulit,
832 1836 863 1874 ιο

67 1904 160 1959 Sensit
172 1901 305 1972 profectu,
319 1919 348 1955 se
361 1900 504 1955 hominem
517 1918 573 1954 non
585 1901 677 1955 visum
690 1903 758 1973 seni,

68 1985 266 2056 Intempestive
279 1985 325 2056 qui
339 1994 474 2054 occupato
486 1985 616 2040 alluserit.

324 2119 484 2174 FABULA
502 2120 609 2174 XXIV.

332 2227 449 2270 vuinus
470 2227 508 2268 nr
527 2227 598 2270 uva

68 2320 155 2373 Fame
168 2327 273 2386 coacta,
287 2319 383 2388 vulpes
397 2320 455 2374 alta
466 2319 495 2372 in
508 2320 591 2374 vinea

69 2404 163 2459 Uvam
176 2403 334 2471 appetebat,
348 2404 465 2456 summis
479 2404 581 2458 saliens
594 2402 708 2458 viribus.

69 2488 162 2556 Quam
174 2497 288 2554 tangere
300 2495 399 2539 utnon
412 2487 509 2555 potuit,
523 2487 670 2540 discedens
684 2486 730 2554 ait,

68 2571 228 2625 “Nondum
241 2580 352 2624 matura
364 2580 406 2624 est
417 2590 424 2635 ;
445 2570 510 2623 nolo
524 2571 655 2624 acerbam
668 2569 801 2624 sumere.''

105 2654 168 2723 Qui,
181 2655 273 2709 facere
285 2670 348 2724 quae
360 2670 416 2706 non
430 2662 555 2722 possunt,
568 2654 660 2707 verbis
673 2653 791 2720 elevant,

68 2738 217 2802 Ascribere
229 2739 284 2794 hoc
297 2736 439 2792 debebunt
451 2736 608 2808 exemplum
621 2735 683 2791 sibi.
791 2728 795 2732 ’
850 2726 860 2773 ⁴
