1852 3554
206 188 389 244 FABULAE
411 188 539 245 XXVII.
558 188 702 245 XXVIII.
828 201 862 258 η

309 424 469 481 FABUIA
485 425 609 480 XXVII.

300 531 393 575 nono
412 531 452 575 nn
470 529 621 577 cocum

62 626 118 696 Qui
130 627 183 683 fert
195 628 278 682 malis
291 629 432 698 auxilium,
444 637 509 700 post
521 637 632 699 tempus
646 628 727 689 dolet

96 712 167 766 Gelu
180 713 318 781 rigentem
330 712 447 783 quidam
460 713 605 767 colubram
618 711 729 767 sustulit

61 793 185 865 Sinuque
197 795 274 864 fovit,
287 805 384 850 contra
396 813 426 851 se
439 795 499 866 ipse
511 795 677 852 misericors.

60 878 192 948 Namque
207 888 238 933 ut
249 878 354 934 refecta
365 888 416 947 est,
428 879 522 934 necuit
533 880 677 935 hominem
689 879 823 951 protinus.

61 961 145 1015 Hanc
158 961 213 1015 alia
225 979 311 1033 quum
323 972 433 1032 rogaret
445 979 560 1018 causam
573 963 712 1032 facinoris,
842 961 859 1020 5

60 1045 225 1116 Respondit,
239 1047 308 1102 “Ne
320 1047 384 1117 quis
397 1046 487 1102 discat
499 1046 633 1117 prodesse
646 1047 806 1118 improbis.'’

299 1202 460 1258 FABULA
478 1204 619 1260 XXVIII.

291 1308 437 1354 nonomen
456 1311 496 1352 ur
514 1311 626 1356 musco.

60 1403 191 1461 Formica
203 1415 231 1462 et
242 1422 341 1463 musca
352 1409 560 1465 contendebant
571 1409 673 1466 acriter

61 1491 132 1559 Quae
144 1490 229 1558 pluris
242 1501 323 1546 esset.
362 1493 463 1547 Musca
476 1492 516 1548 sic
529 1493 615 1562 coepit
627 1492 717 1564 prior:

60 1575 217 1630 “Conferre
230 1577 332 1630 nostris
345 1585 374 1630 tu
387 1587 466 1646 potes
479 1587 507 1632 te
519 1577 669 1632 laudibus?

61 1659 118 1714 Ubi
132 1659 299 1728 immolatur,
312 1669 376 1721 exta
387 1670 528 1730 praegusto
540 1660 640 1727 deum3

61 1744 157 1796 Moror
170 1743 242 1797 inter
253 1761 325 1813 aras,
338 1745 443 1813 templa
454 1745 591 1814 perlustro
602 1743 716 1810 omnia;
843 1754 858 1811 5

62 1828 95 1880 In
108 1827 199 1896 capite
211 1829 284 1895 regis
297 1826 390 1892 sedeo,
403 1844 490 1896 quum
502 1827 593 1881 visum
604 1836 647 1881 est
659 1825 745 1894 mihi3

61 1911 99 1963 Et
111 1919 302 1964 matronarum
315 1918 393 1964 casta
406 1909 499 1964 delibo
511 1909 624 1975 oscula;

63 1993 172 2046 Laboro
185 1991 263 2061 nihil,
277 2001 360 2063 atque
373 1992 485 2062 optimis
499 1994 581 2047 rebus
593 1993 676 2050 fruor.

66 2074 141 2144 Quid
154 2075 253 2129 horum
267 2076 357 2131 simile
369 2075 420 2131 tibi
434 2075 577 2146 contingit,
589 2076 728 2133 rustica?”

63 2159 143 2212 “Est
155 2158 292 2227 gloriosus
305 2159 373 2215 saud
385 2160 528 2216 convictus
542 2159 635 2230 dedm,
826 2172 860 2215 ιο

63 2242 120 2297 Sed
132 2242 180 2312 illi,
193 2243 239 2313 qui
252 2243 390 2312 invitatur,
404 2261 462 2298 non
474 2244 521 2315 qui
534 2243 639 2298 invisus
652 2253 702 2298 est

63 2327 154 2395 Reges
168 2343 371 2382 commemoras
384 2338 411 2383 et
423 2337 613 2383 matronarum
627 2327 739 2382 oscula.

63 2411 126 2478 Ego
139 2426 255 2478 granum
276 2410 307 2464 in
318 2411 440 2465 hiemem
451 2427 538 2482 quum
551 2410 674 2466 studiose
686 2425 816 2480 congero,

63 2495 105 2547 Te
118 2494 191 2547 circa
203 2509 314 2546 murum
325 2493 409 2548 video
420 2494 498 2563 pasci
511 2503 638 2549 stercore.

63 2577 135 2631 Aras
147 2576 324 2646 frequentas:
342 2592 443 2648 nempe
455 2576 585 2645 abigeris,
597 2575 653 2646 qud
665 2576 752 2632 venis.
828 2591 840 2630 1
847 2587 859 2645 5

65 2662 143 2718 Nihil
155 2663 267 2718 laboras
279 2681 286 2718 :
303 2661 376 2731 ideo,
388 2678 475 2733 quum
487 2678 557 2732 opus
570 2673 621 2733 est,
634 2663 673 2718 nil
684 2664 780 2719 habes.

64 2746 191 2824 Superba
205 2747 306 2817 jactas,
319 2753 412 2816 tegere
424 2743 500 2825 quod
512 2745 596 2800 debet
608 2745 705 2827 pudor,
