1852 3554
10 39 914 74 —

10 110 914 148 -ψ

276 351 461 406 FABULAE
489 351 557 407 XX.
576 352 661 407 XXI.
838 366 871 422 13

70 493 217 546 Damnum
229 492 306 546 haud
318 501 456 560 recusant,
469 492 579 547 tantirm
590 509 639 562 pro
651 493 711 548 vita
722 501 842 563 rogant:

69 575 108 629 At
121 575 168 628 illa
179 594 186 640 ;
206 576 224 606 ‘⁴
233 574 361 644 Memini,
374 576 421 645 qui
433 593 479 630 me
493 592 560 629 saxo
573 576 711 646 petierint,

71 657 126 727 Qui
139 674 244 728 panem
256 658 391 713 dederint.
429 660 488 713 Vos
500 658 598 713 timere
610 659 737 714 absistite
749 678 755 715 :

72 741 133 796 Illis
146 751 268 798 revertor
280 742 378 811 hostis,
391 742 438 812 qui
451 759 497 797 me
509 743 663 798 laeserant”
839 757 871 812 19

350 910 509 967 FABULA
526 913 589 966 XX.

289 1018 413 1063 asopus
432 1020 471 1061 m
490 1020 657 1090 encomiis.

72 1115 225 1170 Successus
239 1114 276 1169 ad
289 1116 441 1186 perniciem
453 1116 556 1171 multos
569 1118 694 1173 devocat

106 1199 215 1268 AEsopo
228 1198 344 1269 quidam
356 1199 484 1268 petulans
497 1199 620 1267 lapidem
633 1201 793 1270 impegerat.

73 1283 89 1312 “
99 1281 217 1351 Tanto‚”
230 1281 328 1351 inquit,
343 1284 359 1312 ‘⁴
369 1281 489 1335 melior.''
507 1283 610 1335 Assem
623 1283 724 1338 deinde
739 1283 777 1337 illi
786 1284 872 1353 dedit,

73 1365 119 1420 Sic
132 1375 336 1435 prosequutus;
357 1366 451 1419 “Plus
463 1382 520 1417 non
532 1365 632 1433 habeo,
646 1366 803 1422 mehercule
814 1386 822 1433 ;

73 1449 130 1504 Sed
143 1449 218 1503 unde
231 1448 359 1518 accipere
372 1448 472 1518 possis,
484 1449 647 1503 monstrabo
660 1448 718 1503 tibi.
856 1463 871 1520 5

72 1532 156 1588 Venit
168 1549 235 1587 ecce
248 1531 326 1586 dives
339 1540 367 1586 et
376 1540 475 1601 potens
489 1550 494 1585 :
513 1531 577 1586 huic
591 1531 717 1586 similiter

75 1616 203 1686 Impinge
215 1615 346 1687 lapidem,
360 1624 388 1670 et
400 1615 515 1684 dignum
525 1616 646 1686 accipies
659 1616 829 1686 praemium.”

74 1700 226 1755 Persuasus
237 1701 282 1755 ille
294 1699 369 1769 fecit,
381 1698 458 1770 quod
469 1699 592 1753 monitus
604 1699 655 1754 suit
666 1718 674 1764 ;

74 1785 131 1839 Sed
141 1802 205 1855 spes
217 1784 314 1839 fefellit
327 1782 519 1853 impudentem
532 1782 680 1836 audaciam
691 1801 699 1849 3

74 1867 299 1939 Comprehensus
313 1883 435 1937 namque
445 1883 545 1936 poenas
558 1865 690 1934 persolvit
702 1882 791 1922 cruce.
840 1880 874 1922 ιο

342 2033 503 2089 FABULA
521 2035 601 2088 XXI.

333 2141 426 2185 coms
446 2142 485 2184 m
502 2140 609 2184 rurus.

76 2239 168 2308 Quam
181 2238 270 2293 dulcis
280 2238 316 2294 sit
327 2238 450 2306 libertas,
463 2236 582 2292 breviter
593 2237 748 2308 proloquar.

111 2321 182 2376 Cani
194 2332 333 2392 perpasto,
347 2323 438 2376 macie
452 2320 603 2390 consectus,
615 2321 697 2391 lupus

76 2408 160 2461 Forte
173 2406 300 2461 occurrit.
339 2407 500 2462 salutantes
513 2404 578 2460 dein
591 2404 711 2460 invicem

77 2492 117 2547 Ut
129 2490 289 2546 restiterunt
300 2509 308 2555 3
327 2490 440 2544 “Unde
452 2490 501 2558 sic,
514 2506 618 2560 quaeso,
632 2489 724 2545 nites?

63 2561 132 2629 'Aut
144 2591 200 2643 quo
214 2574 276 2627 cibo
289 2572 380 2627 fecisti
393 2582 503 2627 tantum
515 2574 659 2643 corporis?
857 2583 872 2643 5

76 2658 147 2726 Ego,
160 2658 208 2727 qui
218 2673 281 2710 sum
292 2655 375 2724 longe
388 2655 492 2725 fortior,
504 2672 588 2726 pereo
600 2656 698 2710 fame.''

77 2741 163 2795 Canis
176 2740 351 2809 simpliciter3
374 2740 511 2794 “Eadem
522 2749 565 2794 est
578 2738 701 2793 conditio
714 2739 772 2808 tibi,

77 2825 214 2878 Praestare
226 2823 341 2878 domino
354 2822 377 2876 si
390 2839 442 2892 par
453 2822 575 2876 officium
588 2822 692 2891 potesl’
902 2840 914 2931 ⁴

76 2909 93 2938 ‘⁴
104 2906 226 2978 Quodi''
234 2905 330 2980 ¹inquit
342 2905 399 2966 ille.
437 2908 456 2939 “
465 2906 575 2962 Custos
584 2912 622 2957 m
630 2897 827 2956 §mmmmm
898 2908 906 2921 ·

456 3011 496 3044 Ba
