1852 3554
279 170 462 226 FABULAE
484 172 538 226 XI.
556 171 627 226 XII.

98 311 192 450 Qu]
204 311 239 365 de
252 290 414 368 fenestra
387 328 485 366 corvus
497 322 609 382 raptum
621 289 759 368 caseuman

62 394 103 448 Co
151 411 196 448 sse
208 395 278 448 vell
312 396 388 449 celsa
400 370 645 464 resufflbarbore,

62 477 147 533 Hunc
159 476 228 532 vidit
241 404 353 547 vqud‘m
372 478 508 532 deinde
487 495 527 533 s1c
540 478 625 548 coepit
638 478 777 603 100ϋοοᾇἰν

61 561 77 593 “
86 561 111 614 0
121 559 169 630 qui
181 569 211 614 tu
330 577 404 630 ome,
416 577 571 630 pennarum
584 572 626 617 est
639 531 777 619 00οῩΫἰν

62 643 205 712 Quantum
213 576 453 712 memore
466 654 493 698 et
506 663 524 698 v
542 645 582 704 ltu
594 645 684 713 geris!

37 751 41 759 ·
61 726 91 782 Si
103 743 203 801 vocem
199 727 341 862 Paberes,
355 726 431 778 nulla
439 663 585 794 pnorffid
598 725 676 780 foret.
678 727 691 752 ”

59 811 99 866 At
111 809 156 864 ille
169 798 212 864 siu
224 820 277 877 tus,
289 810 357 888 dum
369 809 428 863 vult
440 826 539 863 vocem
551 809 707 876 ostendere,

59 892 124 948 Ami
142 892 162 947 it
175 909 222 946 ore
234 881 356 959 caseum,
370 907 454 962 quem
469 891 594 946 celeriter

61 909 169 1032 Dolffla
181 976 278 1045 vulpes
291 976 380 1031 avidis
393 974 484 1044 rapuit
497 975 532 1029 de
530 975 646 1073 tibus.
682 905 860 1111 ,msam

59 1061 134 1116 Tum
147 1058 280 1113 demum
273 1059 397 1138 rngemui
398 992 643 1153 ficoffldeceptus
657 1065 739 1126 stupo

97 1141 161 1195 Hac
174 1157 203 1195 re
216 1140 375 1208 probatur,
369 1156 511 1206 mgemum
524 1138 659 1207 quantum
672 1139 752 1206 valet,

60 1224 169 1276 Virtute
182 1231 209 1275 et
222 1237 333 1291 semper
344 1221 477 1289 praevalet
490 1220 635 1288 sapientia
828 1233 861 1284 14

345 1375 504 1432 FABULA
521 1377 573 1432 XI.

268 1482 346 1542 ovm,
366 1484 466 1542 ennrs,
486 1485 525 1527 nr
543 1484 650 1528 LUPUS.

64 1582 161 1639 Solent
172 1581 322 1636 mendaces
334 1582 410 1637 luere
421 1599 522 1652 poenas
534 1583 662 1638 malefici.

99 1664 290 1720 Calumniator
302 1666 339 1719 ab
351 1682 403 1720 ove
416 1683 502 1735 quum
514 1676 620 1736 peteret
633 1666 720 1733 caniS,

64 1752 155 1820 Quem
167 1749 363 1805 commodasse
376 1765 479 1818 panem
492 1766 522 1804 se
535 1749 724 1814 contenderet,

63 1835 165 1903 Lupus,
178 1833 279 1888 citatus
291 1833 379 1900 testis,
393 1848 450 1884 non
462 1849 549 1885 unum
561 1830 646 1884 modb

63 1917 167 1972 Deberi
180 1917 257 1984 dixit,
270 1915 367 1969 verbm
380 1913 529 1968 affirmavit
541 1913 647 1968 decem.

64 2000 141 2069 Ovis,
154 2001 289 2055 damnata
300 1998 371 2052 falso
384 1995 553 2065 testimonio,

64 2084 148 2153 Quod
160 2099 217 2136 non
229 2082 360 2149 debebat,
374 2079 464 2134 solvit.
503 2079 570 2134 Post
584 2095 688 2148 paucos
701 2077 762 2132 dies

64 2164 169 2222 Bidens
178 2165 319 2234 jacentem
332 2164 360 2217 in
372 2163 455 2218 fovea
467 2161 608 2232 prospexit
620 2161 733 2231 lupum:

65 2249 82 2280 “
93 2249 188 2316 Haec,”
200 2247 297 2319 inquit,
305 2250 322 2278 “
330 2264 438 2302 merces
445 2246 551 2300 fraudis
560 2262 577 2299 a
585 2245 691 2315 superis
699 2246 803 2301 datur.’'
847 2259 864 2312 9

239 2457 242 2464 .
340 2417 500 2470 FABULA
519 2417 588 2469 Xll.

273 2522 332 2564 nno
352 2522 455 2565 snnnx
473 2522 513 2565 nr
531 2520 652 2564 nsmus

67 2619 242 2690 Quicumque
255 2618 350 2671 amisit
363 2617 529 2686 dignitatem
542 2615 698 2685 pristinam,

68 2702 182 2773 Ignavis
195 2703 279 2757 otiam
290 2701 370 2769 jocus
384 2709 425 2755 est
439 2700 467 2753 in
480 2716 546 2754 casu
559 2697 644 2767 gravi.
